% book{arquiteturaDeComputadores,
    author = {William stallings},
    title = {Arquitetura e Organização de Computadores},
    publisher = {Pearson Education do Brasil},
    address = {Rua Nelson Francisco, 26, Limão
CEP: 02712-100, São Paulo — SP},
    year = {2010}
}

@article{design_and_implemntation_of_hotel_room_management_system,
  title={Design and Implementation of Hotel Room Management System},
  author={Wei Wei; Zhengwei Lou},
  journal={https://ieeexplore.ieee.org/abstract/document/9002651},
  volume={1},
  number={1},
  year={2019},
}

@article{hotel_management_system_GUI,
  title={Hotel Management System Using Python Tkinter GUI},
  author={SHAILESH KURZADKAR},
  journal={https://ijcsmc.com/docs/papers/January2022/V11I1202234.pdf},
  volume={11},
  number={1},
  year={2022},
}

@article{design_of_hotel_management_system,
  title={Research and Design of Hotel Management System Model},
  author={Jingda Yang},
  journal={https://www.atlantis-press.com/proceedings/icetis-13/8109},
  volume={1},
  number={1},
  year={2013},
}

@article{quality_management_in_hotels,
  title={Quality management in hotels in the Basque Country},
  author={M.J. Alvarez},
  journal={https://www.researchgate.net/publication/235321596_Quality_management_in_hotels_in_the_Basque_Country},
  volume={1},
  number={1},
  year={2012},
}